@misc{tutorialspoint,
    author = "Unkown",
    title = "Arduino - Ultrasonic Sensor",
    url  = "https://www.tutorialspoint.com/arduino/arduino_ultrasonic_sensor.htm",
    addendum = "(accessed: 11.09.2021)"
}

@misc{adafruit,
    author = "Lady ada",
    title = "Using an FSR",
    url  = "https://learn.adafruit.com/force-sensitive-resistor-fsr/using-an-fsr",
    addendum = "(accessed: 11.13.2021)"
}



@article{einstein,
    author = "Albert Einstein",
    title = "{Zur Elektrodynamik bewegter K{\"o}rper}. ({German})
    [{On} the electrodynamics of moving bodies]",
    journal = "Annalen der Physik",
    volume = "322",
    number = "10",
    pages = "891--921",
    year = "1905",
    DOI = "http://dx.doi.org/10.1002/andp.19053221004",
    keywords = "physics"
}
 
@book{dirac,
    title = {The Principles of Quantum Mechanics},
    author = {Paul Adrien Maurice Dirac},
    isbn = {9780198520115},
    series = {International series of monographs on physics},
    year = {1981},
    publisher = {Clarendon Press},
    keywords = {physics}
}
 
@online{knuthwebsite,
    author = "Donald Knuth",
    title = "Knuth: Computers and Typesetting",
    url  = "http://www-cs-faculty.stanford.edu/~uno/abcde.html",
    addendum = "(accessed: 01.09.2016)",
    keywords = "latex,knuth"
}
 
@inbook{knuth-fa,
    author = "Donald E. Knuth",
    title = "Fundamental Algorithms",
    publisher = "Addison-Wesley",
    year = "1973",
    chapter = "1.2",
    keywords  = "knuth,programming"
}

@online{michelacosta,
    author = "Michel Acosta",
    title = "Messi vs Cristiano Ronaldo: Penalties missed and scored",
    url = "https://michelacosta.com/messi-vs-ronaldo/penalties/",
    addendum = "(accessed: 12.10.21)",
    keywords = "Messi, Ronaldo, Penalty"
}
@online{Penalty_stats,
    author = "InStat",
    title = "MASSIVE RESEARCH OF PENALTIES BY INSTAT",
    url = "https://instatsport.com/football/article/penalty_research",
    addendum = "(accessed: 10.21.21)",
    keywords = "InStat,Age,Posistion"
    }

@online{maker.pro,
    author = "A.",
    title = "How to Control Servo Motors With an Arduino and Joystick",
    url = "https://maker.pro/arduino/tutorial/how-to-control-servo-motors-with-an-arduino-and-joystick#",
    addendum = "(accessed: 10.01.2021)",
    keywords = "Circuit Diagram,Arduino"
}
@online{Adafruit_Ultrasonic_Sensor,
    author = "Kevin Walters",
    title = "Distance Measurement with Ultrasound",
    url = "https://learn.adafruit.com/distance-measurement-ultrasound-hcsr04/connect-the-sensor",
    addendum = "(accessed: 10.01.2021)",
    keywords = "HC-SR04,potential divider,Walters"

}
@online{StatsZone.com,
    author = "TheStatsZone",
    title = "Statistical insight into shootouts - where to place your penalty!",
    url = "https://www.thestatszone.com/archive/statistical-insight-into-penalty-shootouts-where-to-place-your-penalty-13886",
    addendum = "(accessed: 10.21.21)",
    keywords = "Scoring, Goalkeepers, Statistical"
    }