@online{maker.pro,
    author = "A.",
    title = "How to Control Servo Motors With an Arduino and Joystick",
    url = "https://maker.pro/arduino/tutorial/how-to-control-servo-motors-with-an-arduino-and-joystick#",
    addendum = "(accessed: 10.01.2021)",
    keywords = "Circuit Diagram,Arduino"
}
@online{Adafruit_Ultrasonic_Sensor,
    author = "Kevin Walters",
    title = "Distance Measurement with Ultrasound",
    url = "https://learn.adafruit.com/distance-measurement-ultrasound-hcsr04/connect-the-sensor",
    addendum = "(accessed: 10.01.2021)",
    keywords = "HC-SR04,potential divider,Walters"

}
@online{Adafruit_Buttons_A_and_B,
    author = "Kattni Rembor",
    title = "CircuitPython Made Easy on Circuit Playground Express and Bluefruit",
    url = "https://learn.adafruit.com/circuitpython-made-easy-on-circuit-playground-express/buttons",
    addendum = "(accessed: 10.01.2021)",
    keywords = "Buttons,Button A,Circuit Playground Express,Rembor"
}

 